@article{hindley1969principal,
  title={The principal type-scheme of an object in combinatory logic},
  author={Hindley, Roger},
  journal={Transactions of the american mathematical society},
  volume={146},
  pages={29--60},
  year={1969},
  publisher={JSTOR}
}

@article{milner1978theory,
  title={A theory of type polymorphism in programming},
  author={Milner, Robin},
  journal={Journal of computer and system sciences},
  volume={17},
  number={3},
  pages={348--375},
  year={1978},
  publisher={Elsevier}
}

@article{wells1999typability,
  title={Typability and type checking in System F are equivalent and undecidable},
  author={Wells, Joe B},
  journal={Annals of Pure and Applied Logic},
  volume={98},
  number={1-3},
  pages={111--156},
  year={1999},
  publisher={Elsevier}
}

@book{martin-lof:1984,
  Author =       {Martin-L{\"o}f, Per},
  Isbn =         {88-7088-105-9},
  Mrclass =      {03B15 (03F50 03F55)},
  Mrnumber =     {769301 (86j:03005)},
  Mrreviewer =   {M. M. Richter},
  Pages =        {iv+91},
  Publisher =    {Bibliopolis},
  Series =       {Studies in Proof Theory},
  Subtitle =     {Notes by Giovanni Sambin},
  Title =        {Intuitionistic type theory},
  Volume =       1,
  Year =         1984
}

@article{DyerBLMS15,
  author    = {Chris Dyer and
               Miguel Ballesteros and
               Wang Ling and
               Austin Matthews and
               Noah A. Smith},
  title     = {Transition-Based Dependency Parsing with Stack Long Short-Term Memory},
  journal   = {CoRR},
  volume    = {abs/1505.08075},
  year      = {2015},
  url       = {http://arxiv.org/abs/1505.08075},
  timestamp = {Mon, 01 Jun 2015 14:13:54 +0200},
  biburl    = {http://dblp.uni-trier.de/rec/bib/journals/corr/DyerBLMS15},
  bibsource = {dblp computer science bibliography, http://dblp.org}
}